@article{ega:1,
  author = {Grothendieck, Alexander},
  language = {fr},
  publisher = {Institut des Hautes \'{E}tudes Scientifiques},
  url = {http://www.numdam.org/item/PMIHES_1960__4__5_0},
  date = {1960},
  journaltitle = {Publications Math\'{e}matiques de l'IH\'{E}S},
  pages = {5--228},
  title = {\'{E}l\'{e}ments de g\'{e}om\'{e}trie alg\'{e}brique : I. Le langage des sch\'{e}mas},
  volume = {4},
}

